@BOOK{Kunen,
	AUTHOR		= {Kunen, Kenneth},
	TITLE		= {Set Theory},
	PUBLISHER	= {Elsevier Science},
	YEAR		= {1983},
}

@BOOK{Eisenbud,
      AUTHOR      = {Eisenbud, David},
      TITLE       = {Commutative Algebra},
      PUBLISHER   = {Springer-Verlag},
      YEAR        = {1995},
      VOLUME      = {150},
      SERIES      = {Graduate Texts in Mathematics},
}

@BOOK{LM-B,
      AUTHOR      = {Laumon, G{\'e}rard and Moret-Bailly, Laurent},
      TITLE       = {Champs alg{\'e}briques},
      PUBLISHER   = {Springer-Verlag},
      YEAR        = {2000},
      VOLUME      = {39},
      SERIES      = {Ergebnisse der Mathematik und ihrer Grenzgebiete. 3. Folge.},
}

@BOOK{Jech,
	AUTHOR = {Jech, Thomas},
	TITLE = {Set Theory},
	PUBLISHER = {Springer},
	YEAR        = {2002},
	SERIES      = {Springer Monographs in mathematics},
}
% this is not the first edition, 2002 is (on the top of my head) the third, concerns EDITION

@ARTICLE{Tohoku,
  AUTHOR = {Grothendieck, Alexander},
	TITLE	= {Sur quelques points d'alg\`ebre homologique},
	JOURNAL	= {Tohoku Mathematical Journal},
	VOLUME	= {9},
	YEAR	= {1957},
	PAGES	= {119-221},
}
